
@manual{lab6,
  author = {Computing Memory Architecture Lab.},
  title = {Practice 6:  BRAM to PE controller},
  organization = {Hardware System Design},
  year = {2021},
  month = {April}
}
@manual{lab11,
  author = {Computing Memory Architecture Lab.},
  title = {Practice 11: DMA (Direct Memory Access)},
  organization = {Hardware System Design},
  year = {2021},
  month = {May}
}
@manual{lab9,
  author = {Computing Memory Architecture Lab.},
  title = {Practice 9: Convolution Lowering SW},
  organization = {Hardware System Design},
  year = {2021},
  month = {May}
}
@manual{lab2,
  author = {Computing Memory Architecture Lab.},
  title = {Practice 2: SW app on MNIST},
  organization = {Hardware System Design},
  year = {2021},
  month = {March}
}
@manual{memh,
  author = {WillFlux},
  title = {Initialize Memory in Verilog},
  organization = {Project F - FPGA Development},
  year = {2020},
  month = {April},
  url = {https://projectf.io/posts/initialize-memory-in-verilog/}
}
@book{thomas2008verilog,
  title={The Verilog{\textregistered} hardware description language},
  author={Thomas, Donald and Moorby, Philip},
  year={2008},
  publisher={Springer Science \& Business Media}
}


@inproceedings{chellapilla2006high,
  title={High performance convolutional neural networks for document processing},
  author={Chellapilla, Kumar and Puri, Sidd and Simard, Patrice},
  booktitle={Tenth International Workshop on Frontiers in Handwriting Recognition},
  year={2006},
  organization={Suvisoft}
}
@article{chetlur2014cudnn,
  title={cudnn: Efficient primitives for deep learning},
  author={Chetlur, Sharan and Woolley, Cliff and Vandermersch, Philippe and Cohen, Jonathan and Tran, John and Catanzaro, Bryan and Shelhamer, Evan},
  journal={arXiv preprint arXiv:1410.0759},
  year={2014}
}
@book{best2005linux,
  title={Linux? Debugging and Performance Tuning},
  author={Best, Steve},
  year={2005},
  publisher={Pearson India}
}

@book{CDMA,
  title={AXI Central Direct Memory Access v4.1},
  author={Xilinx},
  year={2018},
  publisher={Xilinx}
}

@book{Multiply_Addder,
  title={Multiply Adder v3.0},
  author={Xilinx},
  year={2021},
  publisher={Xilinx}
}

@book{FP_MAC,
  title={Floating-Point Operator v7.1},
  author={Xilinx},
  year={2020},
  publisher={Xilinx}
}

@book{crockett2014zynq,
  title={The Zynq Book: Embedded Processing with the Arm Cortex-A9 on the Xilinx Zynq-7000 All Programmable Soc},
  author={Crockett, Louise Helen and Elliot, Ross and Enderwitz, Martin and Stewart, Robert},
  year={2014},
  publisher={Strathclyde Academic Media}
}

@article{zhai2016mlp,
  title={MLP neural network based gas classification system on Zynq SoC},
  author={Zhai, Xiaojun and Ali, Amine Ait Si and Amira, Abbes and Bensaali, Faycal},
  journal={IEEE Access},
  volume={4},
  pages={8138--8146},
  year={2016},
  publisher={IEEE}
}

@article{deng2012mnist,
  title={The mnist database of handwritten digit images for machine learning research [best of the web]},
  author={Deng, Li},
  journal={IEEE Signal Processing Magazine},
  volume={29},
  number={6},
  pages={141--142},
  year={2012},
  publisher={IEEE}
}



