@book{overton2001numerical,
  title={Numerical computing with IEEE floating point arithmetic},
  author={Overton, Michael L},
  year={2001},
  publisher={SIAM}
}
@manual{intmultiplyadder,
  author = {LogiCORE IP Product Guide},
  title = {Multiply Adder v3.0},
  organization = {Vivado Design Suite},
  year = {2021},
  month = {Feb},
}
@manual{fpmultiplyadder,
  author = {LogiCORE IP Product Guide},
  title = {Floating-Point Operator v7.1},
  organization = {Vivado Design Suite},
  year = {2020},
  month = {Dec}
}