
@manual{lab7,
  author = {Computing Memory Architecture Lab.},
  title = {Practice 7: How to use FPGA board},
  organization = {Hardware System Design},
  year = {2021},
  month = {April}
}
@manual{UG,
  author = {ZedBoard},
  title = {Hardware User’s Guide, Version 2.2},
  organization = {Zynq™ Evaluation and Development},
  year = {2014},
  month = {January}
}
@book{thomas2008verilog,
  title={The Verilog{\textregistered} hardware description language},
  author={Thomas, Donald and Moorby, Philip},
  year={2008},
  publisher={Springer Science \& Business Media}
}


